<record><leader>00000cas a22000007a 4500</leader><controlfield tag="001">29994187</controlfield><controlfield tag="008">940321c19829999tnuwr ne      0    0eng d</controlfield><datafield ind1=" " ind2=" " tag="010"><subfield code="a">sn 00063986 </subfield></datafield><datafield ind1=" " ind2=" " tag="040"><subfield code="a">TTU</subfield><subfield code="b">eng</subfield><subfield code="c">TTU</subfield><subfield code="d">OCL</subfield><subfield code="d">TGN</subfield><subfield code="d">OCL</subfield><subfield code="d">OCLCQ</subfield><subfield code="d">OCLCO</subfield></datafield><datafield ind1="1" ind2=" " tag="029"><subfield code="a">AU@</subfield><subfield code="b">000021675946</subfield></datafield><datafield ind1=" " ind2=" " tag="042"><subfield code="a">msc</subfield></datafield><datafield ind1=" " ind2=" " tag="043"><subfield code="a">n-us-tn</subfield></datafield><datafield ind1=" " ind2=" " tag="090"><subfield code="a">AN1</subfield><subfield code="b">.M477</subfield></datafield><datafield ind1="0" ind2=" " tag="130"><subfield code="a">Messenger (Madison, Tenn.)</subfield></datafield><datafield ind1="1" ind2="4" tag="245"><subfield code="a">The Messenger.</subfield></datafield><datafield ind1="1" ind2="3" tag="246"><subfield code="a">Madison Goodlettsville messenger</subfield><subfield code="f">Mar. 2, 1983-Apr. 4, 1984</subfield></datafield><datafield ind1="1" ind2="3" tag="246"><subfield code="a">Madison-Goodlettsville Lakewood-Old Hickory messenger</subfield><subfield code="f">Apr. 11, 1984-Nov. 22, 1989; Feb. 21, 1990-Apr. 15, 1992; Sept. 18, 1996-Jan. 29, 1997</subfield></datafield><datafield ind1="1" ind2="3" tag="246"><subfield code="a">Madison-Goodlettsville Inglewood-Old Hickory</subfield><subfield code="f">Apr. 29, 1992-Sept. 11, 1996</subfield></datafield><datafield ind1=" " ind2=" " tag="260"><subfield code="a">Madison, Tenn. :</subfield><subfield code="b">Messenger Newspapers, Inc.,</subfield><subfield code="c">1982-</subfield></datafield><datafield ind1=" " ind2=" " tag="300"><subfield code="a">v. :</subfield><subfield code="b">ill. ;</subfield><subfield code="c">58 cm.</subfield></datafield><datafield ind1="0" ind2=" " tag="362"><subfield code="a">Vol. 1, no. 33 (Sept. 15, 1982)-</subfield></datafield><datafield ind1=" " ind2="0" tag="651"><subfield code="a">Madison (Tenn.)</subfield><subfield code="v">Newspapers.</subfield></datafield><datafield ind1=" " ind2="0" tag="651"><subfield code="a">Nashville (Tenn.)</subfield><subfield code="v">Newspapers.</subfield></datafield><datafield ind1=" " ind2="0" tag="651"><subfield code="a">Goodlettsville (Tenn.)</subfield><subfield code="v">Newspapers.</subfield></datafield><datafield ind1=" " ind2="0" tag="651"><subfield code="a">Lakewood (Tenn.)</subfield><subfield code="v">Newspapers.</subfield></datafield><datafield ind1=" " ind2="0" tag="651"><subfield code="a">Old Hickory (Tenn.)</subfield><subfield code="v">Newspapers.</subfield></datafield><datafield ind1=" " ind2="0" tag="651"><subfield code="a">Inglewood (Tenn.)</subfield><subfield code="v">Newspapers.</subfield></datafield><datafield ind1=" " ind2="0" tag="651"><subfield code="a">Davidson County (Tenn.)</subfield><subfield code="v">Newspapers.</subfield></datafield><datafield ind1=" " ind2=" " tag="752"><subfield code="a">United States</subfield><subfield code="b">Tennessee</subfield><subfield code="c">Davidson</subfield><subfield code="d">Madison.</subfield></datafield><datafield ind1=" " ind2=" " tag="752"><subfield code="a">United States</subfield><subfield code="b">Tennessee</subfield><subfield code="c">Davidson</subfield><subfield code="d">Nashville.</subfield></datafield><datafield ind1=" " ind2=" " tag="752"><subfield code="a">United States</subfield><subfield code="b">Tennessee</subfield><subfield code="c">Davidson</subfield><subfield code="d">Goodlettsville.</subfield></datafield><datafield ind1=" " ind2=" " tag="752"><subfield code="a">United States</subfield><subfield code="b">Tennessee</subfield><subfield code="c">Davidson</subfield><subfield code="d">Lakewood.</subfield></datafield><datafield ind1=" " ind2=" " tag="752"><subfield code="a">United States</subfield><subfield code="b">Tennessee</subfield><subfield code="c">Davidson</subfield><subfield code="d">Old Hickory.</subfield></datafield><datafield ind1=" " ind2=" " tag="752"><subfield code="a">United States</subfield><subfield code="b">Tennessee</subfield><subfield code="c">Davidson</subfield><subfield code="d">Inglewood.</subfield></datafield><datafield ind1="0" ind2="0" tag="780"><subfield code="t">Madison messenger (Madison, Tenn.)</subfield><subfield code="w">(DLC)sn 00063916</subfield></datafield><datafield ind1="0" ind2="5" tag="780"><subfield code="t">Hermitage Lakewood-Old Hickory messenger</subfield><subfield code="g">Apr. 11, 1984</subfield><subfield code="w">(DLC)sn 00063987</subfield></datafield></record>